@book{schudson_power_1982,
  address = {Cambridge},
  title = {The {{Power}} of {{News}}},
  isbn = {978-0-674-69586-3},
  language = {en},
  publisher = {{Harvard University Press}},
  author = {Schudson, Michael},
  year = {1982},
}

@book{marshall_contesting_1995,
  address = {Ann Arbor},
  title = {Contesting {{Cultural Rhetorics}}: {{Public Discourse}} and {{Education}}, 1890-1900},
  isbn = {0-472-10536-1},
  shorttitle = {Contesting {{Cultural Rhetorics}}},
  language = {en},
  publisher = {{University of Michigan Press}},
  author = {Marshall, Margaret},
  year = {1995},
}

@book{pariser2011filter,
  title={The filter bubble: What the Internet is hiding from you},
  author={Pariser, Eli},
  year={2011},
  publisher={Penguin},
  address = {London}
}

@article{flaxman2016filter,
  title={Filter bubbles, echo chambers, and online news consumption},
  author={Flaxman, Seth and Goel, Sharad and Rao, Justin},
  journal={Public opinion quarterly},
  volume={80},
  number={S1},
  pages={298--320},
  year={2016},
  publisher={Oxford University Press}
}


@misc{ministerie_van_onderwijs_vrouwenemancipatie_2009,
  type = {{onderwerp}},
  title = {{Vrouwenemancipatie (gendergelijkheid)}},
  copyright = {CC0 1.0 Universal},
  abstract = {De overheid wil gelijke rechten, kansen, vrijheden en verantwoordelijkheden voor vrouwen en mannen.},
  language = {nl-NL},
  howpublished = {https://www.rijksoverheid.nl/onderwerpen/\\vrouwenemancipatie},
  author = {{Ministerie van Onderwijs}, Cultuur en Wetenschap},
  month = dec,
  year = {2009},
}


@inproceedings{baroni2014don,
  title={Don't count, predict! A systematic comparison of context-counting vs. context-predicting semantic vectors},
  author={Baroni, Marco and Dinu, Georgiana and Kruszewski, Germ{\'a}n},
  booktitle={Proceedings of the 52nd Annual Meeting of the Association for Computational Linguistics},
  volume={1},
  pages={238--247},
  year={2014}
}


@article{bolukbasi_quantifying_2016,
  title = {Quantifying and Reducing Stereotypes in Word Embeddings},
  journal = {arXiv preprint arXiv:1606.06121},
  author = {Bolukbasi, Tolga and Chang, Kai-Wei and Zou, James and Saligrama, Venkatesh and Kalai, Adam},
  year = {2016},
}


@inproceedings{kulkarni_statistically_2015,
  title = {Statistically Significant Detection of Linguistic Change},
  booktitle = {Proceedings of the 24th {{International Conference}} on {{World Wide Web}}},
  publisher = {{International World Wide Web Conferences Steering Committee}},
  author = {Kulkarni, Vivek and {Al-Rfou}, Rami and Perozzi, Bryan and Skiena, Steven},
  year = {2015},
  pages = {625--635},
}

@inproceedings{hamilton_cultural_2016-1,
  title = {Cultural Shift or Linguistic Drift? Comparing Two Computational Measures of Semantic Change},
  volume = {2016},
  shorttitle = {Cultural Shift or Linguistic Drift?},
  booktitle = {Proceedings of the {{Conference}} on {{Empirical Methods}} in {{Natural Language Processing}}. {{Conference}} on {{Empirical Methods}} in {{Natural Language Processing}}},
  publisher = {{NIH Public Access}},
  author = {Hamilton, William L. and Leskovec, Jure and Jurafsky, Dan},
  year = {2016},
  pages = {2116},

}

@article{garg_word_2018,
  title = {Word Embeddings Quantify 100 Years of Gender and Ethnic Stereotypes},
  volume = {115},
  issn = {0027-8424, 1091-6490},
  doi = {10.1073/pnas.1720347115},
  language = {en},
  number = {16},
  journal = {Proceedings of the National Academy of Sciences},
  author = {Garg, Nikhil and Schiebinger, Londa and Jurafsky, Dan and Zou, James},
  month = apr,
  year = {2018},
  pages = {3635-44},
}


@article{boot_dutch_2017,
  title = {The {{Dutch}} Translation of the {{Linguistic Inquiry}} and {{Word Count}} ({{LIWC}}) 2007 Dictionary},
  volume = {6},
  issn = {2211-7245, 2211-7253},
  language = {en},
  number = {1},
  journal = {Dutch Journal of Applied Linguistics},
  doi = {10.1075/dujal.6.1.04boo},
  author = {Boot, Peter and Zijlstra, Hanna and Geenen, Rinie},
  month = oct,
  year = {2017},
  pages = {65-76},
}

@article{pennebaker2001linguistic,
  title={Linguistic inquiry and word count: LIWC 2001},
  author={Pennebaker, James W. and Francis, Martha E. and Booth, Roger J.},
  journal={Mahway: Lawrence Erlbaum Associates},
  volume={71},
  number={2001},
  pages={2001},
  year={2001}
}


@misc{zijdeman_hsn_2013,
  title = {{{HSN}} Standardized, {{HISCO}}-Coded and Classified Occupational Titles},
  publisher = {{IISG Amsterdam}},
  author = {Zijdeman, Richard and Mandemakers, Kees and Muurling, Sanne and Maas, Ineke and {Van de Putte}, Bart and Lambert, Paul and Van Leeuwen, Marco and Van Poppel, Frans and Miles, Andrew},
  year = {2013}
}


@article{vossen_cornetto_2007,
  title = {The {{Cornetto}} Database: {{Architecture}} and User-Scenarios},
  shorttitle = {The {{Cornetto}} Database},
  author = {Vossen, P. and Hofmann, Katja and de Rijke, M. and Tjong Kim Sang, E. and Deschacht, Koen},
  year = {2007},

}

@article{peters_deep_2018,
  title = {Deep Contextualized Word Representations},
  journal = {arXiv preprint arXiv:1802.05365},
  author = {Peters, Matthew E. and Neumann, Mark and Iyyer, Mohit and Gardner, Matt and Clark, Christopher and Lee, Kenton and Zettlemoyer, Luke},
  year = {2018}
}

@inproceedings{azarbonyad_words_2017,
  title = {Words Are Malleable: {{Computing}} Semantic Shifts in Political and Media Discourse},
  shorttitle = {Words Are Malleable},
  booktitle = {Proceedings of the 2017 {{ACM}} on {{Conference}} on {{Information}} and {{Knowledge Management}}},
  publisher = {{ACM}},
  author = {Azarbonyad, Hosein and Dehghani, Mostafa and Beelen, Kaspar and Arkut, Alexandra and Marx, Maarten and Kamps, Jaap},
  year = {2017},
  pages = {1509--1518},
}

@misc{bloothooft_nederlandse_2010,
  title = {Nederlandse {{Voornamenbank}}},
  journal = {Nederlandse Voornamenbank},
  howpublished = {https://www.meertens.knaw.nl/\\nvb/veelgesteldevragen},
  author = {Bloothooft, Gerrit},
  year = {2010},

}


@article{tausczik2010psychological,
  title={The psychological meaning of words: LIWC and computerized text analysis methods},
  author={Tausczik, Yla R. and Pennebaker, James W.},
  journal={Journal of language and social psychology},
  volume={29},
  number={1},
  pages={24--54},
  year={2010},
  publisher={Sage Publications Sage CA: Los Angeles, CA}
}

@article{gonen_lipstick_2019,
  archivePrefix = {arXiv},
  eprinttype = {arxiv},
  eprint = {1903.03862},
  primaryClass = {cs},
  title = {Lipstick on a {{Pig}}: {{Debiasing Methods Cover}} up {{Systematic Gender Biases}} in {{Word Embeddings But}} Do Not {{Remove Them}}},
  shorttitle = {Lipstick on a {{Pig}}},
  journal = {arXiv:1903.03862 [cs]},
  author = {Gonen, Hila and Goldberg, Yoav},
  month = mar,
  year = {2019},
}

@misc{baali_overheid_2018,
  title = {{Overheid moet gendergelijkheid centraal stellen}},
  abstract = {Politieke en economische participatie van vrouwen heeft amper beleidsprioriteit. Dat moet anders, menen Laila Ait Baali, Roos van Os en Jantien Kin...},
  language = {nl-NL},
  journal = {de Volkskrant},
  howpublished = {https://www.volkskrant.nl/gs-b6023212},
  author = {Baali, Laila Ait and van Os, Roos and Kingma, Jantien},
  month = dec,
  year = {2018},
}

@book{schot_technology_2010,
  address = {Cambridge},
  title = {Technology and the Making of the {{Netherlands}}: The Age of Contested Modernization, 1890-1970},
  isbn = {978-0-262-01362-8},
  lccn = {T26.N4 T457 2010},
  shorttitle = {Technology and the Making of {{The Netherlands}}},
  publisher = {{MIT Press}},
  editor = {Schot, Johan and Rip, Arie and Lintsen, Harry},
  year = {2010},
}

@book{wintle_economic_2000,
  address = {Cambridge},
  title = {An Economic and Social History of the {{Netherlands}}, 1800-1920: Demographic, Economic, and Social Transition},
  isbn = {978-0-521-78295-1},
  shorttitle = {An Economic and Social History of the {{Netherlands}}, 1800-1920},
  publisher = {{Cambridge University Press}},
  author = {Wintle, Michael},
  year = {2000},
}

@book{wijfjes_journalistiek_2004,
  address = {Amsterdam},
  title = {{Journalistiek in Nederland, 1850-2000: beroep, cultuur en organisatie}},
  isbn = {90-5352-949-7},
  shorttitle = {{Journalistiek in Nederland, 1850-2000}},
  language = {nl},
  publisher = {{Boom}},
  author = {Wijfjes, Huub},
  year = {2004},
}

@book{rooij_kranten:_1974,
  address = {Amsterdam},
  title = {{Kranten: dagbladpers en maatschappij}},
  isbn = {90-214-2773-7},
  shorttitle = {{Kranten}},
  language = {nl},
  publisher = {{Wetenschappelijke Uitgeverij}},
  author = {Rooij, Maarten},
  year = {1974},
}

@book{ribberink_feminisme_1987,
  address = {Leiden},
  title = {{Feminisme}},
  isbn = {90-6473-185-3},
  language = {nl},
  publisher = {{Stichting Burgerschapskunde}},
  author = {Ribberink, Anneke},
  year = {1987}
}

